@ARTICLE{Template,
	author = {{Gittens}, A.},
	title = "{The spectral norm error of the naive Nystrom extension}",
	journal = {arXiv e-prints},
	keywords = {Mathematics - Numerical Analysis, Computer Science - Numerical Analysis},
	year = 2011,
	month = Oct,
	eid = {arXiv:1110.5305},
	pages = {arXiv:1110.5305},
	archivePrefix = {arXiv},
	eprint = {1110.5305},
	primaryClass = {math.NA},
	adsurl = {https://ui.adsabs.harvard.edu/#abs/2011arXiv1110.5305G},
	adsnote = {Provided by the SAO/NASA Astrophysics Data System}
}

@article{tropp2012,
	author={Tropp, Joel A.},
	title={User-Friendly Tail Bounds for Sums of Random Matrices},
	journal={Foundations of Computational Mathematics},
	year={2012},
	month={Aug},
	day={01},
	volume={12},
	number={4},
	pages={389--434},
}


@ARTICLE{grossnesme,
	author = {D. Gross and V. Nesme},
	title = "{A note on sampling without replacement from a finite collection of matrices}",
	journal = {arXiv e-prints},
	keywords = {Mathematics - Numerical Analysis, Computer Science - Numerical Analysis},
	year = 2011,
	month = Oct,
	eid = {arXiv:1110.2708},
	pages = {arXiv:1110.2708},
	archivePrefix = {arXiv},
	eprint = {1110.2708},
	primaryClass = {math.NA},
	adsurl = {https://ui.adsabs.harvard.edu/#abs/2011arXiv1110.5305G},
	adsnote = {Provided by the SAO/NASA Astrophysics Data System}
}

@ARTICLE{seeger,
	author = {C. Williams and M. Seeger},
	title = "{Using the Nyström method to speed up kernel machines}",
	journal = {Advances in Neural Information Processing Systems (NIPS 13)},
	VOLUME = {13},
	YEAR = {2000},
}

@ARTICLE{mohri,
	author = {M. Mohri and A. Talwalkar},
	title = "{Can matrix coherence be efficiently and accurately estimated?}",
	journal = {Proceedings of the Fourteenth International Conference on Artificial Intelligence and Statistics},
	VOLUME = {15},
	YEAR = {2011},
}

@ARTICLE{drineymahoney,
	author = {P. Drineas and M.W. Mahoney.},
	title = "{On the Nyström method for approximating a Gram matrix for improved kernel-based
	learning}",
	journal = {Journal of Machine Learning Research},
	VOLUME = {6},
	PAGES = {2153–2175},
	YEAR = {2005},
}

@ARTICLE{candessensing,
	author = {E. J. Candès and J. Romberg},
	title = "{Sparsity and incoher-
	ence in compressive sampling}",
	journal = {Inverse  Problems
	},
	VOLUME = {23},
	NUMBER = {3}
	PAGES = {969-986},
	YEAR = {2007},
}

@ARTICLE{candescompletion,
	author = {E. J. Candès, Justin K. Romberg, Terence
	Tao},
	title = "{Robust uncertainty principles: exact signal re-
	construction from highly incomplete frequency in-
	formation}",
	journal = {EEE Transactions on Information The-
	ory
	},
	VOLUME = {52},
	NUMBER = {2}
	PAGES = {489-509},
	YEAR = {2006},
}

@ARTICLE{candesconvex,
	author = {E. J. Candès and  Benjamin Rech},
	title = "{Exact matrix completion via convex optimization}",
	journal = {Foundations of Computational Mathematics
	},
	YEAR = {2009},
}

@ARTICLE{kumar1,
	author = {S. Kumar, M. Mohri, A. Talwalkar},
	title = {Sampling Methods for the Nyström Method},
	journal = {Journal of Machine Learning Research},
	VOLUME = {13},
	PAGES = {981-1006},
	YEAR = {2012},	
}

@ARTICLE{kumar2,
	author = {S. Kumar, M. Mohri, A. Talwalkar},
	title = {On sampling-based approximate spectral decomposition},
	journal = {Proc.
	26th International Conference on Machine Learning (ICML 2009)},
	YEAR = {2009},	
}

@ARTICLE{kumarensemble,
	author = {S. Kumar, M. Mohri, A. Talwalkar},
	title = {Ensemble
	Nyström method},
	journal = {Advances in Neural Information Processing Systems (NIPS 22)},
	VOLUME = {22},
	YEAR = {2010},
}

@ARTICLE{talwalkar,
	author = {A. Talwalkar and A. Rostamizadeh},
	title = {Matrix Coherence and the Nyström Method},
	journal = {Proc. 26th Conference
	on Uncertainty in Artifical Intelligence (UAI 2010)},
	YEAR = {2010},	
}

@ARTICLE{kwok,
	author = {M. Li, J. T. Kwok, and B. Lu},
	title = {Making Large-Scale Nyström Approximation Possible},
	journal = {Proc. 27th Interna-
	tional Conference on Machine Learning (ICML 2010)},
	YEAR = {2010},
	PAGES = {1097--1104},
}

@ARTICLE{NaiveNystromExtension,
	author = {{Gittens}, A.},
	title = "{The spectral norm error of the naive Nystrom extension}",
	journal = {arXiv e-prints},
	keywords = {Mathematics - Numerical Analysis, Computer Science - Numerical Analysis},
	year = 2011,
	month = Oct,
	eid = {arXiv:1110.5305},
	pages = {arXiv:1110.5305},
	archivePrefix = {arXiv},
	eprint = {1110.5305},
	primaryClass = {math.NA},
	adsurl = {https://ui.adsabs.harvard.edu/#abs/2011arXiv1110.5305G},
	adsnote = {Provided by the SAO/NASA Astrophysics Data System}
}

@ARTICLE{SubsampledHadamard,
	author = {{Tropp}, Joel A.},
	title = "{Improved analysis of the subsampled randomized Hadamard transform}",
	journal = {arXiv e-prints},
	keywords = {Mathematics - Numerical Analysis, Computer Science - Data Structures and
	Algorithms, Mathematics - Probability, 15B52},
	year = 2010,
	month = Nov,
	eid = {arXiv:1011.1595},
	pages = {arXiv:1011.1595},
	archivePrefix = {arXiv},
	eprint = {1011.1595},
	primaryClass = {math.NA},
	adsurl = {https://ui.adsabs.harvard.edu/#abs/2010arXiv1011.1595T},
	adsnote = {Provided by the SAO/NASA Astrophysics Data System}
}

@article {haikotropp,
	AUTHOR = {N. Halko, P. G. Martinsson, and J. A. Tropp},
	TITLE = {Finding Structure with Randomness: Probabilistic Algorithms for Constructing Approximate Matrix Decompositions},
	JOURNAL = {SIAM Rev.},
	FJOURNAL = {SIAM Review},
	VOLUME = {53},
	YEAR = {2011},
	NUMBER = {2},
	PAGES = {217--288},
}

H. Epstein, Remarks on Two Theorems of E. Lieb, Comm. Math. Phys., 31:317–325, (1973).

@article {liebremark,
	AUTHOR = {H. Epstein},
	TITLE = {Remark on Two Theorems of E. Lieb},
	JOURNAL = {Comm. Math. Phys},
	VOLUME = {31},
	YEAR = {1973},
	PAGES = {317--325},
}

@INBOOK{mahoney1,
	author = {{Mahoney}, Michael W.},
	title = "{Randomized Algorithms for Matrices and Data}",
	keywords = {Computer Science - Data Structures and Algorithms},
	booktitle = {Advances in Machine Learning and Data Mining for Astronomy, CRC Press,
	Taylor \&amp; Francis Group, Eds.: Michael J. Way, Jeffrey D.
	Scargle, Kamal M. Ali, Ashok N. Srivastava, p. 647-672},
	year = 2012,
	editor = {{Way}, Michael J. and {Scargle}, Jeffrey D. and {Ali}, Kamal M. and
	{Srivastava}, Ashok N.},
	adsurl = {https://ui.adsabs.harvard.edu/#abs/2012amld.book..647M},
	adsnote = {Provided by the SAO/NASA Astrophysics Data System}
}

@article {MR2846786,
	AUTHOR = {Berselli, Luigi C. and Bisconti, Luca},
	TITLE = {On the structural stability of the {E}uler-{V}oigt and
	{N}avier-{S}tokes-{V}oigt models},
	JOURNAL = {Nonlinear Anal.},
	FJOURNAL = {Nonlinear Analysis. Theory, Methods \& Applications. An
	International Multidisciplinary Journal. Series A: Theory and
	Methods},
	VOLUME = {75},
	YEAR = {2012},
	NUMBER = {1},
	PAGES = {117--130},
	ISSN = {0362-546X},
	CODEN = {NOANDD},
	MRCLASS = {35Q56 (35B35 76F02)},
	MRNUMBER = {2846786 (2012i:35382)},
	DOI = {10.1016/j.na.2011.08.011},
	URL = {http://dx.doi.org/10.1016/j.na.2011.08.011},
}

@book{linalghandbook,
	author    = {Leslie Hogben}, 
	title     = {Handbook of Linear Algebra},
	publisher = {Chapman Hall/CRC},
	year      = 2007
}

@book{informationtheorymackay,
	author    = {David J. C. MacKay}, 
	title     = {Information Theory, Inference, and Learning Algorithms},
	publisher = {Cambridge University Press},
	year      = 2003
}

@book{prmlbishop,
	author    = {Christopher M. Bishop}, 
	title     = {Pattern Recognition and
	Machine Learning},
	publisher = {Springer},
	year      = 2006
}

@book{prmlbishop,
	author    = {Christopher M. Bishop}, 
	title     = {Pattern Recognition and
	Machine Learning},
	publisher = {Springer},
	year      = 2006
}

@book{esthastie,
	author    = {Trevor Hastie, 
	Robert Tibshirani and
	Jerome Friedman}, 
	title     = {The Elements of
	Statistical Learning},
	publisher = {Springer},
	year      = VER
	edition = 2
}


@book{GPMLBook,
	author    = {Carl Edward Rasmussen,
	Christopher K. I. Williams}, 
	title     = {Gaussian Processes for Machine Learning},
	publisher = {The MIT Press},
	year      = 2006
}

@book{probabilityjaynes,
	author    = {E. T. Jaynes}, 
	title     = {Probability Theory: The Logic of Science},
	publisher = {Cambridge University Press},
	year      = 2003
}